@book{burg1975maximum,
  title={Maximum Entropy Spectral Analysis},
  author={Burg, J.P.},
  series={Stanford Exploration Project},
  url={https://books.google.it/books?id=Xug\_AAAAIAAJ},
  year={1975},
  publisher={Stanford University}
}

@article{noiseGen,
author = {Owens, A. J.},
title = {An algorithm for generating fluctuations having any arbitrary power spectrum},
journal = {Journal of Geophysical Research: Space Physics},
volume = {83},
number = {A4},
pages = {1673-1675},
doi = {10.1029/JA083iA04p01673},
url = {https://agupubs.onlinelibrary.wiley.com/doi/abs/10.1029/JA083iA04p01673},
eprint = {https://agupubs.onlinelibrary.wiley.com/doi/pdf/10.1029/JA083iA04p01673},
abstract = {A calculational scheme is given for generating fluctuations which have any specified power spectrum. The fast computer-based algorithm makes use of a random number generator and fast Fourier transform (FFT) routine.},
year = {1978}
}

@ARTICLE{AblesMESA,
       author = {{Ables}, J.~G.},
        title = "{Maximum Entropy Spectral Analysis}",
      journal = {Astronomy and Astrophysics Supplement},
         year = 1974,
        month = jun,
       volume = {15},
        pages = {383},
       adsurl = {https://ui.adsabs.harvard.edu/abs/1974A&AS...15..383A},
      adsnote = {Provided by the SAO/NASA Astrophysics Data System}
}

@article{Welch1967,
  added-at = {2018-06-03T02:31:54.000+0200},
  author = {Welch, Peter},
  biburl = {https://www.bibsonomy.org/bibtex/2588038873b7b0afb3a100fe420bc87c6/mabdelaal86},
  doi = {10.1109/TAU.1967.1161901},
  interhash = {865a5f391cff35ac6857f5eaf351cfd6},
  intrahash = {588038873b7b0afb3a100fe420bc87c6},
  journal = {IEEE Transactions on audio and electroacoustics},
  keywords = {imported},
  number = 2,
  pages = {70--73},
  publisher = {IEEE},
  timestamp = {2018-06-03T22:18:00.000+0200},
  title = {The use of fast Fourier transform for the estimation of power spectra: a method based on time averaging over short, modified periodograms},
  volume = 15,
  year = 1967
}

@book{oliphant2006guide, 
title={A guide to NumPy}, author={Oliphant, Travis E}, 
volume={1}, year={2006}, publisher={Trelgol Publishing USA} } 

@article{van2011numpy, title={The NumPy array: a structure for efficient numerical computation}, author={Van Der Walt, Stefan and Colbert, S Chris and Varoquaux, Gael}, journal={Computing in Science \& Engineering}, volume={13}, number={2}, pages={22}, year={2011}, publisher={IEEE Computer Society} }

@article{Shannon,
author = {Shannon, C. E.},
title = {A Mathematical Theory of Communication},
journal = {Bell System Technical Journal},
volume = {27},
number = {3},
pages = {379-423},
doi = {10.1002/j.1538-7305.1948.tb01338.x},
url = {https://onlinelibrary.wiley.com/doi/abs/10.1002/j.1538-7305.1948.tb01338.x},
eprint = {https://onlinelibrary.wiley.com/doi/pdf/10.1002/j.1538-7305.1948.tb01338.x},
year = {1948}
}

@article{JaynesArticle,
  title = {Information Theory and Statistical Mechanics},
  author = {Jaynes, E. T.},
  journal = {Phys. Rev.},
  volume = {106},
  issue = {4},
  pages = {620--630},
  numpages = {0},
  year = {1957},
  month = {May},
  publisher = {American Physical Society},
  doi = {10.1103/PhysRev.106.620},
  url = {https://link.aps.org/doi/10.1103/PhysRev.106.620}
}

@book{jaynes2003ptl,
  added-at = {2008-11-22T09:44:27.000+0100},
  author = {Jaynes, E.T. and Bretthorst, G.L.},
  biburl = {https://www.bibsonomy.org/bibtex/2652057598ed5da2478e14e518f19229d/mokukkon},
  interhash = {5637e120537dc7e09dfb41cde090df45},
  intrahash = {652057598ed5da2478e14e518f19229d},
  keywords = {imported mathematics probability},
  publisher = {Cambridge University Press Cambridge:},
  timestamp = {2008-11-22T09:44:27.000+0100},
  title = {{Probability Theory: The Logic of Science}},
  year = 2003
}

@book{Mantegna2007Introduction,
  added-at = {2019-06-10T14:53:09.000+0200},
  author = {Mantegna, Rosario N. and Stanley, H. Eugene},
  biburl = {https://www.bibsonomy.org/bibtex/2a270ba0ee4597f0c99f8aaffd156480c/nonancourt},
  citeulike-article-id = {9195907},
  edition = 1,
  howpublished = {Paperback},
  interhash = {e64c30f14e2c7009e598c21ba67f109f},
  intrahash = {a270ba0ee4597f0c99f8aaffd156480c},
  isbn = {0521039878},
  keywords = {econophysics book},
  month = jul,
  posted-at = {2011-08-06 23:33:51},
  priority = {2},
  publisher = {Cambridge University Press},
  timestamp = {2019-08-01T16:19:06.000+0200},
  title = {{Introduction to Econophysics: Correlations and Complexity in Finance}},
  url = {http://www.amazon.com/exec/obidos/redirect?tag=citeulike07-20\&path=ASIN/0521039878},
  year = 2007
}

@Article{Vos,
author = {Koen Vos},
title = {{A Fast Implementation of Burg's Algorithm}},
year = 2013}

@MISC{1975STIN...7714318B,
       author = {{Barnard}, T.~E.},
        title = "{The maximum entropy spectrum and the Burg technique. Technical report no. 1: Advanced signal processing}",
     keywords = {Entropy, Matrices (Mathematics), Power Spectra, Signal Processing, Fourier Transformation, K Lines, Time Series Analysis, Communications and Radar},
 howpublished = {NASA STI/Recon Technical Report N},
         year = 1975,
        month = jun,
        pages = {14318},
       adsurl = {https://ui.adsabs.harvard.edu/abs/1975STIN...7714318B},
      adsnote = {Provided by the SAO/NASA Astrophysics Data System}
}
@article{doi:10.1002/sapm1946251261,
author = {Levinson, Norman},
title = {The Wiener (Root Mean Square) Error Criterion in Filter Design and Prediction},
journal = {Journal of Mathematics and Physics},
volume = {25},
number = {1-4},
pages = {261-278},
doi = {10.1002/sapm1946251261},
url = {https://onlinelibrary.wiley.com/doi/abs/10.1002/sapm1946251261},
eprint = {https://onlinelibrary.wiley.com/doi/pdf/10.1002/sapm1946251261},
year = {1946}
}

@ARTICLE{1931RSPSA.131..518W,
       author = {{Walker}, Gilbert},
        title = "{On Periodicity in Series of Related Terms}",
      journal = {Proceedings of the Royal Society of London Series A},
         year = 1931,
        month = jun,
       volume = {131},
       number = {818},
        pages = {518-532},
          doi = {10.1098/rspa.1931.0069},
       adsurl = {https://ui.adsabs.harvard.edu/abs/1931RSPSA.131..518W},
      adsnote = {Provided by the SAO/NASA Astrophysics Data System}
}

@article{doi:10.1098/rsta.1927.0007,
author = {Yule, George Udny },
title = {VII. On a method of investigating periodicities disturbed series, with special reference to Wolfer's sunspot numbers},
journal = {Philosophical Transactions of the Royal Society of London. Series A, Containing Papers of a Mathematical or Physical Character},
volume = {226},
number = {636-646},
pages = {267-298},
year = {1927},
doi = {10.1098/rsta.1927.0007},

URL = {https://royalsocietypublishing.org/doi/abs/10.1098/rsta.1927.0007},
eprint = {https://royalsocietypublishing.org/doi/pdf/10.1098/rsta.1927.0007}}


@article{doi:10.1029/RG013i001p00183,
author = {Ulrych, Tad J. and Bishop, Thomas N.},
title = {Maximum entropy spectral analysis and autoregressive decomposition},
journal = {Reviews of Geophysics},
volume = {13},
number = {1},
pages = {183-200},
doi = {10.1029/RG013i001p00183},
url = {https://agupubs.onlinelibrary.wiley.com/doi/abs/10.1029/RG013i001p00183},
eprint = {https://agupubs.onlinelibrary.wiley.com/doi/pdf/10.1029/RG013i001p00183},
year = {1975}
}


@article{doi:10.1190/1.1440902,
author = {James G. Berryman},
title = {Choice of operator length for maximum entropy spectral analysis},
journal = {GEOPHYSICS},
volume = {43},
number = {7},
pages = {1384-1391},
year = {1978},
doi = {10.1190/1.1440902},

URL = { 
        https://doi.org/10.1190/1.1440902
    
},
eprint = { 
        https://doi.org/10.1190/1.1440902
    
}
,
    abstract = { Empirical evidence based on maximum entropy spectra of real seismic data suggests that M = 2N/ln 2N is a reasonable a priori choice of the operator length M for discrete time series of length N. Various examples support this conclusion. }
}


@article{bhansali1986,
author = "Bhansali, R. J.",
doi = "10.1214/aos/1176349858",
fjournal = "Annals of Statistics",
journal = "Ann. Statist.",
month = "03",
number = "1",
pages = "315--325",
publisher = "The Institute of Mathematical Statistics",
title = "Asymptotically Efficient Selection of the Order by the Criterion Autoregressive Transfer Function",
url = "https://doi.org/10.1214/aos/1176349858",
volume = "14",
year = "1986"
}

@article{doi:10.1029/WR018i004p01097,
author = {Rao, A. Ramachandra and Kashyap, R. L. and Mao, Liang-Tsi},
title = {Optimal choice of type and order of river flow time series models},
journal = {Water Resources Research},
volume = {18},
number = {4},
pages = {1097-1109},
doi = {10.1029/WR018i004p01097},
url = {https://agupubs.onlinelibrary.wiley.com/doi/abs/10.1029/WR018i004p01097},
eprint = {https://agupubs.onlinelibrary.wiley.com/doi/pdf/10.1029/WR018i004p01097},
year = {1982}
}

@Inbook{Akaike1970StatisticalPI,
author="Akaike, Hirotugu",
editor="Parzen, Emanuel
and Tanabe, Kunio
and Kitagawa, Genshiro",
title="Statistical Predictor Identification",
bookTitle="Selected Papers of Hirotugu Akaike",
year="1998",
publisher="Springer New York",
address="New York, NY",
pages="137--151",
abstract="In a recent paper by the present author [1] a simple practical procedure of predictor identification has been proposed. It is the purpose of this paper to provide a theoretical and empirical basis of the procedure.",
isbn="978-1-4612-1694-0",
doi="10.1007/978-1-4612-1694-0_11",
url="https://doi.org/10.1007/978-1-4612-1694-0_11"
}


@article{ToeplitzCirculant,
url = {http://dx.doi.org/10.1561/0100000006},
year = {2006},
volume = {2},
journal = {Foundations and TrendsÂ® in Communications and Information Theory},
title = {Toeplitz and Circulant Matrices: A Review},
doi = {10.1561/0100000006},
issn = {1567-2190},
number = {3},
pages = {155-239},
author = {Robert M. Gray}
}

@article{Haykin,
author = {Marple,S. Lawrence },
title = {Nonlinear Methods of Spectral Analysis edited by S. Haykin},
journal = {The Journal of the Acoustical Society of America},
volume = {76},
number = {2},
pages = {648-648},
year = {1984},
doi = {10.1121/1.391171},

URL = { 
        https://doi.org/10.1121/1.391171
    
},
eprint = { 
        https://doi.org/10.1121/1.391171
    
}

}
@book{Wold,
  author = {Herman Wold},
  title = {A Study In The Analysis Of Stationary Time Series},
  edition = 1,
  url = {https://archive.org/details/in.ernet.dli.2015.262214/mode/2up},
  year = 1938
}

@ARTICLE{VDBos,

  author={A. {van den Bos}},

  journal={IEEE Transactions on Information Theory}, 

  title={Alternative interpretation of maximum entropy spectral analysis (Corresp.)}, 

  year={1971},

  volume={17},

  number={4},

  pages={493-494},

  doi={10.1109/TIT.1971.1054660}}

@article{Rover,
author = {RÃ¶ver, Christian and Meyer, Renate and Christensen, Nelson},
year = {2008},
month = {04},
pages = {},
title = {Modelling coloured residual noise in gravitational-wave signal processing},
volume = {28},
journal = {Classical and Quantum Gravity},
doi = {10.1088/0264-9381/28/1/015010}
}

@article{offsource,
author = {Chatziioannou, Katerina and Haster, Carl-Johan and Littenberg, Tyson and Farr, Will and Ghonge, Sudarshan and Millhouse, Margaret and Clark, James and Cornish, Neil},
year = {2019},
month = {11},
pages = {},
title = {Noise spectral estimation methods and their impact on gravitational wave measurement of compact binary mergers},
volume = {100},
journal = {Physical Review D},
doi = {10.1103/PhysRevD.100.104004}
}

@software{john_veitch_2020_4109277,
  author       = {John Veitch and
                  Walter Del Pozzo and
                  Michael Williams and
                  Colm Talbot and
                  Matt Pitkin and
                  Gregory Ashton},
  title        = {johnveitch/cpnest: Fix for python < 3.8 versioning},
  month        = oct,
  year         = 2020,
  publisher    = {Zenodo},
  version      = {v0.10.1},
  doi          = {10.5281/zenodo.4109277},
  url          = {https://doi.org/10.5281/zenodo.4109277}
}

@INPROCEEDINGS{Skilling..735..395S,
       author = {{Skilling}, John},
        title = "{Nested Sampling}",
     keywords = {02.50.Tt, Inference methods},
    booktitle = {Bayesian Inference and Maximum Entropy Methods in Science and Engineering: 24th International Workshop on Bayesian Inference and Maximum Entropy Methods in Science and Engineering},
         year = 2004,
       editor = {{Fischer}, Rainer and {Preuss}, Roland and {Toussaint}, Udo Von},
       series = {American Institute of Physics Conference Series},
       volume = {735},
        month = nov,
        pages = {395-405},
          doi = {10.1063/1.1835238},
       adsurl = {https://ui.adsabs.harvard.edu/abs/2004AIPC..735..395S},
      adsnote = {Provided by the SAO/NASA Astrophysics Data System}
}

@MISC{Ligo,
        title = "{LIGO Document P1200087-v58}",
        url = {https://dcc.ligo.org/LIGO-P1200087/public}}
        
@inbook{gregory_2005, place={Cambridge}, title={Multivariate Gaussian from maximum entropy}, DOI={10.1017/CBO9780511791277.020}, booktitle={Bayesian Logical Data Analysis for the Physical Sciences: A Comparative Approach with MathematicaÂ® Support}, publisher={Cambridge University Press}, author={Gregory, Phil}, year={2005}, pages={450â454}}

@ARTICLE{Lomb,
       author = {{Lomb}, N.~R.},
        title = "{Least-Squares Frequency Analysis of Unequally Spaced Data}",
      journal = {Astrophysics and Space Science},
     keywords = {Astronomy, Data Reduction, Least Squares Method, Background Noise, Power Spectra, Sine Waves, Spectrum Analysis, Statistical Analysis, Variable Stars, Astronomy},
         year = 1976,
        month = feb,
       volume = {39},
       number = {2},
        pages = {447-462},
          doi = {10.1007/BF00648343},
       adsurl = {https://ui.adsabs.harvard.edu/abs/1976Ap&SS..39..447L},
      adsnote = {Provided by the SAO/NASA Astrophysics Data System}
}

@ARTICLE{Scargle,
       author = {{Scargle}, J.~D.},
        title = "{Studies in astronomical time series analysis. II. Statistical aspects of spectral analysis of unevenly spaced data.}",
      journal = {The Astrophysical Journal},
     keywords = {Astronomy, Signal Detection, Spectrum Analysis, Statistical Distributions, Time Series Analysis, Fourier Transformation, Frequency Response, Power Spectra, Signal To Noise Ratios, Astronomy},
         year = 1982,
        month = dec,
       volume = {263},
        pages = {835-853},
          doi = {10.1086/160554},
       adsurl = {https://ui.adsabs.harvard.edu/abs/1982ApJ...263..835S},
      adsnote = {Provided by the SAO/NASA Astrophysics Data System}
      }
